@inproceedings{Hao,
  title={Detecting spammers with SNARE: Spatio-temporal network-level automatic reputation engine},
  author={Hao, S. and Syed, N.A. and Feamster, N. and Gray, A.G. and Krasser, S.},
  booktitle={Proceedings of the 18th conference on USENIX security symposium},
  pages={101--118},
  year={2009},
  organization={USENIX Association}
}

@inproceedings{Burnett,
  title={Chipping away at censorship firewalls with user-generated content},
  author={Burnett, S. and Feamster, N. and Vempala, S.},
  booktitle={Proc. 19th USENIX Security Symposium, Washington, DC},
  year={2010}
}

@inproceedings{Design,
	author = "Clark, D.",
	title = "{The Design Philosophy of the DARPA Internet Protocols}",
	crossref = "sigcomm1988",
        pages = "109--114"
}

@inproceedings{Architecture,
	author = "Clark, D. and Tennenhouse, D.",
	title = "{Architectural Consideration for a New Generation of Protocols}",
	crossref = "sigcomm1990",
        pages = "200--208"
}

@inproceedings{DNS,
  title = "{DNS Performance and the Effectiveness of Caching}",
  author = {Jaeyeon Jung and Emil Sit and Hari Balakrishnan and Robert Morris},
  crossref = "imw2001"
}


@InProceedings{OSPF-Mon,
  author = 	 {Aman Shaikh and Albert Greenberg},
  title = 	 "{{OSPF} Monitoring: Architecture, Design, and Deployment Experience}",
  crossref = "nsdi2004",
  pages = {57--70}
}


@InProceedings{Valiant,
  author = 	 {Rui Zhang-Shen and Nick McKeown},
  title = 	 "{Designing a Predictable Internet Backbone Network}",
  crossref = "hotnets2003",
}


@InProceedings{Variable,
  author = 	 {Murali Kodialam and T. V. Lakshman and and Sudipta Sengupta},
  title = 	 "{Efficient and Robust Routing of Highly Variable Traffic}",
  crossref = "hotnets2003",
}



@InProceedings{Deflections,
  author = 	 {Xiaowei Yang and David Wetherall},
  title = 	 "{Source Selectable Path Diversity via Routing Deflections}",
  crossref = "sigcomm2006",
  pages = {159--170}
}




@Article{GR,
  author = 	 {Lixin Gao and Jennifer Rexford},
  title = 	 {Stable {I}nternet routing without global coordination},
  journal = 	 TON,
  year = 	 2001,
  pages = 	 {681--692},
  month = 	 dec,
}

@Article{Kent,
 author = "S. Kent and C. Lynn and K. Seo",
 title = "{Secure Border Gateway Protocol ({S-BGP})}", 
 journal = JSAC,
 volume = 18,
 number = 4,
 year = 2000,
 month = apr,
 pages = {582--592}
}



@InProceedings{Xu:Flow,
  author = 	 {A. Kmumar and M. Sung and J. Xu and J. Wang},
  title = 	 "{Data Streaming Algorithms for Efficient and Accurate Estimation of Flow Distribution}",
  crossref =  "sigmetrics2004",
}


@inproceedings{Feamster:rcc,
        author = {Nick Feamster and Hari Balakrishnan},
	title = "{Detecting BGP Configuration Faults with Static Analysis}",
        crossref = "nsdi2005",
        pages = {43--56}
}

@inproceedings{PlanetLab,
  author =       {Andy Bavier and others},
  title =        "{Operating System Support for Planetary-Scale Network Services}",
  crossref = "nsdi2004",
}



@inproceedings{Bavier,
  author =       {Andy Bavier and Nick Feamster and Mark Huang and Larry Peterson and Jennifer Rexford},
  title =        "{In VINI Veritas: Realistic and Controlled Network Experimentation}",
  crossref = "sigcomm2006",
}



@inproceedings{Paxson:Measurement,
  author = "Vern Paxson",
  title = "Strategies for Sound {I}nternet Measurement",
  crossref = "imc2004"
}

@article{Paxson:Routing,
  author = 	 {Vern Paxson},
  title = 	 "{End to End Routing Behavior in the Internet}",
  journal = 	 TON,
  year = 	 1997,
  month = oct,
  volume = 	 {5},
  number = 	 {5},
  pages = 	 {601--615},
}

@article{Difficulties,
  author = 	 {Sally Floyd and Vern Paxson},
  title = 	 "{Difficulties in Simulating the Internet}",
  journal = 	 TON,
  year = 	 2001,
  month = aug,
  volume = 	 {9},
  number = 	 {4},
  pages = 	 {392--403},
}




@article{Huston:BGPSec,
  author = 	 {Geoff Huston},
  title = 	 {Securing Inter-Domain Routing},
  journal = 	 {The ISP Column},
  year = 	 {2005},
  month = 	 mar,
  note = 	 {\url{http://www.potaroo.net/ispcol/2005-03/route-sec-2-ispcol.pdf}},
}

@inproceedings{PCA,
  author	= {Anukool Lakhina and Konstantina Papagiannaki and Mark Crovella and Christophe Diot and Eric D. Kolaczyk and Nina Taft},
  title		= {Structural Analysis of Network Traffic Flows},
  crossref = "sigmetrics2004",
  pages		= {61--72},
}


@inproceedings{Akella,
  title = "Multihoming Performance Benefits: An Experimental Evaluation of Practical Enterprise Strategies",
  author = "Aditya Akella and Srinivasan Seshan and Anees Shaikh",
  crossref = "usenix2004"
}

@inproceedings{MONET,
   author = {David G. Andersen and Hari Balakrishnan and M. Frans Kaashoek
	and Rohit Rao},
   title = {Improving {W}eb Availability for Clients with {MONET}},
   booktitle = {Proc. 2nd Symposium on Networked Systems Design and
	Implementation (NSDI)},
   address = {Boston, MA},
   month = may,
   year = {2005}
}

@inproceedings{TVA,
   author = {Xiaowei Yang and David Wetherall and Thomas Anderson},
   title = {A {DoS-limiting} Network Architecture},
   booktitle = {{Proc. ACM SIGCOMM}},
   address = {Philladelphia, {PA}},
   month = aug,
   year = {2005}
}


@inproceedings{Own,
   author = {Stuart Staniford and Vern Paxson and Nicholas Weaver},
   title = {How to 0wn the {I}nternet in Your Spare Time},
   booktitle = {{Proc. 11th USENIX Security Symposium}},
   address = {{San Francisco, CA}},
   month = aug,
   year = {2002}
}

@inproceedings{Ramachandran,
  author =       {Anirudh Ramachandran and Nick Feamster},
  title =        "{Understanding the Network-Level Behavior of Spammers}",
  crossref = "sigcomm2006",
}



@inproceedings{RON,
  author = "David G. Andersen and Hari Balakrishnan and M. Frans Kaashoek and Robert Morris",
  title = "{Resilient Overlay Networks}",
  crossref = "sosp2001",
  pages = {131--145},
}


@inproceedings{SOSR,
  author = "Krishna P. Gummadi, Harsha V. Madhyastha, Steven D. Gribble, Henry M. Levy, and David Wetherall",
  title = "{Improving the Reliability of Internet Paths with One-hop Source Routing}",
  crossref = "osdi2004",
  pages = {183--198},
}


@inproceedings{Infranet,
  author =       {Nick Feamster and Magdalena Balazinska and Greg Harfst and Hari Balakrishnan and David Karger},
  title =        "{Infranet: Circumventing Web Censorship and Surveillance}",
  crossref =     "usenixsec2002"
}


@inproceedings{Botnets,
  author =       {David Dagon and Cliff Zhou and Wenke Lee},
  title =        "{Modelling Botnet Propagation Using Timezones}",
  crossref =     "ndss2006"
}

@inproceedings{Chord,
  title = {Chord: A Scalable Peer-to-peer Lookup Service for {I}nternet Applications},
  author = {Ion Stoica and Robert Morris and David Karger and M. Frans Kaashoek and Hari Balakrishnan},
  crossref = "sigcomm2001"
}

@inproceedings{DF,
  title = {A digital fountain approach to reliable distribution of bulk data},
  author = {John Byers and Michael Luby and Michael Mitzenmacher and Ashutosh Rege},
  crossref = "sigcomm1998",
}


@article{Partridge,
  author = 	 {Craig Partridge and Others},
  title = 	 "{A 50-Gb/s IP router}",
  journal = 	 TON,
  year = 	 1998,
  month = Jun,
  volume = 	 {6},
  number = 	 {3},
  pages = 	 {237--248},
}




@inproceedings{Decouto,
  title = {A High-Throughput Path Metric for Multi-Hop Wireless Routing},
  author = {Douglas S. J. {De Couto} and Daniel Aguayo and John Bicket and Robert Morris},
  crossref = "mobicom2003"
}


@inproceedings{Biswas,
  title = {Opportunistic Routing in Multi-Hop Wireless Networks},
  author = {Sanjit Biswas and Robert Morris},
  crossref = "sigcomm2005"
}

@inproceedings{CSFQ,
  author = {I. Stoica and S. Shenker and and H. Zhang}, 
  title = "{Core -Stateless Fair Queueing: Achieving Approximately Fair Allocations in High Speed Networks}",
  crossref = "sigcomm1998"
}



@Article{Shenker95,
  author = 	 {S. Shenker},
  title = 	 {Fundamental Design Issues for the Future Internet},
  journal = 	 {Journal on Selected Areas in Communications},
  year = 	 1995,
  volume = 	 13,
  number = 	 7,
  pages = 	 {1176--1188},
  month = 	 sep,
}

@article{ Fortz,
  author = "B. Fortz and J. Rexford and M. Thorup",
  title = "{Traffic engineering with traditional IP routing protocols}",
  journal = "{IEEE Communications Magazine}",
  month = oct,
  year = 2002
}

@inproceedings{speakup,
   author =       "Michael Walfish and Mythili Vutukuru and Hari Balakrishnan and David Karger and Scott Shenker",
   title =        "{DDoS Defense by Offense}",
   booktitle =    {ACM SIGCOMM 2006},
   year =         {2006},
   month =        {September},
   address =      {Pisa, Italy}
}

%%%%%%%%%%%%%%%%%%%%%%%%%%%%%%%%%%%%%%%%%%%%%%%%%%%%%%%%%%%%

@proceedings{sigcomm1988,
  booktitle = SIGCOMM,  
  address = "{Stanford, CA}",
  month = Aug, 
  year = 1988
}

@proceedings{sigcomm1990,
  booktitle = SIGCOMM,  
  address = "{Philadelphia, PA}",
  month = sep, 
  year = 1990
}

@proceedings{sigcomm1998,
  booktitle = SIGCOMM,  
  address = "{Vancouver, British Columbia, Canada}",
  month = sep, 
  year = 1990
}


@proceedings{sigcomm2001,
  booktitle = SIGCOMM,  
  address = "{San Diego, CA}",
  month = aug, 
  year = 2001
}


@proceedings{sigcomm2005,
  booktitle = SIGCOMM,  
  address = "{Philadelphia, PA}",
  month = aug, 
  year = 2005
}

@proceedings{sigcomm2006,
  booktitle = SIGCOMM,  
  address = "{Pisa, Italy}",
  month = sep, 
  year = 2006
}



@proceedings{usenix2004,
  booktitle = USENIXTECH,  
  address = {Boston, MA},
  month = jun, 
  year = 2004
}

@proceedings{nsdi2005,
  booktitle = {Proc. 2nd Symposium on Networked Systems Design and Implementation (NSDI)},
  address = {Boston, MA},
  month = may, 
  year = 2005
}


@proceedings{usenixsec2002,
  booktitle = "{Proc. 11th USENIX Security Symposium}",
  address = "{San Francisco, CA}",
  month = aug, 
  year = 2002
}

@proceedings{sosp2001,
  booktitle = "{Proc. 18th ACM Symposium on Operating Systems Principles (SOSP)}",
  address = "{Banff, Canada}",
  month = oct, 
  year = 2001
}

@proceedings{nsdi2004,
  booktitle = {Proc. First Symposium on Networked Systems Design and Implementation (NSDI)},
  address = {San Francisco, CA},
  month = mar, 
  year = 2004
}

@proceedings{imw2001,
  booktitle = "Proc. {ACM SIGCOMM} Internet Measurement Workshop",
  address = "San Fransisco, {CA}",
  month=nov, 
  year=2001
}

@proceedings{imc2004,
  booktitle = "{Proc. {ACM SIGCOMM} Internet Measurement Conference}",
  address = {Taormina, Sicily, Italy},
  month = oct, 
  year = 2004
}



@proceedings{sigmetrics2004,
  booktitle = SIGMETRICS,  
  address = {New York, NY},
  month = jun, 
  year = 2004
}



@proceedings{ndss2006,
  booktitle = NDSS,  
  address = {San Diego, CA},
  month = feb, 
  year = 2006
}

@proceedings{mobicom2003,
  booktitle = {Proceedings of the 9th {ACM} International Conference on Mobile Computing and Networking ({MobiCom} '03)},
  year = {2003},
  month = Sep,
}


@proceedings{osdi2004,
  booktitle = {OSDI},
  year = 2004,
  month = Dec,
}

@proceedings{hotnets2003,
  booktitle = {HotNets},
  year = 2003,
  month = Nov,
}



@inproceedings{Clark:Architecture,
  title={Architectural considerations for a new generation of protocols},
  author={Clark, D.D. and Tennenhouse, D.L.},
  booktitle={ACM SIGCOMM Computer Communication Review},
  volume={20},
  number={4},
  pages={200--208},
  year={1990},
  organization={ACM}
}

@article{Feamster:TE,
  title={Guidelines for interdomain traffic engineering},
  author={Feamster, N. and Borkenhagen, J. and Rexford, J.},
  journal={ACM SIGCOMM Computer Communication Review},
  volume={33},
  number={5},
  pages={19--30},
  year={2003},
  publisher={ACM}
}

@article{Kent,
  title={Secure Border Gateway Protocol (S-BGP)},
  author={Kent, S. and Lynn, C. and Seo, K.},
  journal={IEEE Journal on Selected Areas in Communications},
  volume={18},
  number={4},
  year={2000}
}

@article{Godfrey,
  title={Debugging the Data Plane with Anteater},
  author={Mai, H. and Khurshid, A. and Agarwal, R. and Caesar, M. and Godfrey, P.B. and King, S.T.},
  journal={ACM SIGCOMM},
  year={2011}
}

@inproceedings{Kreibich,
  title={Netalyzr: Illuminating the edge network},
  author={Kreibich, C. and Weaver, N. and Nechaev, B. and Paxson, V.},
  booktitle={Proceedings of the 10th annual conference on Internet measurement},
  pages={246--259},
  year={2010},
  organization={ACM}
}

@inproceedings{Aggarwal,
  title={NetPrints: Diagnosing home network misconfigurations using shared knowledge},
  author={Aggarwal, B. and Bhagwan, R. and Das, T. and Eswaran, S. and Padmanabhan, V.N. and Voelker, G.M.},
  booktitle={Proceedings of the 6th USENIX symposium on Networked systems design and implementation},
  pages={349--364},
  year={2009},
  organization={USENIX Association}
}

@inproceedings{Sundaresan:Bismark,
  title={Broadband internet performance: A view from the gateway},
  author={Sundaresan, S. and de Donato, W. and Feamster, N. and Teixeira, R. and Crawford, S. and Pescap{\`e}, A.},
  booktitle={Proc. ACM SIGCOMM}
}

@article{Bavier,
  title={In VINI veritas: realistic and controlled network experimentation},
  author={Bavier, A. and Feamster, N. and Huang, M. and Peterson, L. and Rexford, J.},
  journal={ACM SIGCOMM Computer Communication Review},
  volume={36},
  number={4},
  pages={3--14},
  year={2006},
  publisher={ACM}
}

@article{Armbrust,
  title={Above the clouds: A berkeley view of cloud computing},
  author={Armbrust, M. and Fox, A. and Griffith, R. and Joseph, A.D. and Katz, R.H. and Konwinski, A. and Lee, G. and Patterson, D.A. and Rabkin, A. and Stoica, I. and others},
  journal={EECS Department, University of California, Berkeley, Tech. Rep. UCB/EECS-2009-28},
  year={2009},
  publisher={Citeseer}
}

@article{Greenberg:VL2,
  title={VL2: a scalable and flexible data center network},
  author={Greenberg, A. and Hamilton, J.R. and Jain, N. and Kandula, S. and Kim, C. and Lahiri, P. and Maltz, D.A. and Patel, P. and Sengupta, S.},
  journal={ACM SIGCOMM Computer Communication Review},
  volume={39},
  number={4},
  pages={51--62},
  year={2009},
  publisher={ACM}
}

@article{Caesar:BGP,
  title={BGP routing policies in ISP networks},
  author={Caesar, M. and Rexford, J.},
  journal={Network, IEEE},
  volume={19},
  number={6},
  pages={5--11},
  year={2005},
  publisher={IEEE}
}

@article{Bahl,
  title={White space networking with wi-fi like connectivity},
  author={Bahl, P. and Chandra, R. and Moscibroda, T. and Murty, R. and Welsh, M.},
  journal={ACM SIGCOMM Computer Communication Review},
  volume={39},
  number={4},
  pages={27--38},
  year={2009},
  publisher={ACM}
}

@article{Benson,
  title={Demystifying Configuration Challenges and Trade-Offs in Network-based ISP Services},
  journal={ACM SIGCOMM}, 
  author={Benson, T. and Akella, A. and Shaikh, A.},
  year={2011}
}


@article{Saltzer,
  title={End-to-end arguments in system design},
  author={Saltzer, J.H. and Reed, D.P. and Clark, D.D.},
  year={1984},
}


@article{Cerf,
  title={A protocol for packet network intercommunication},
  author={Cerf, V. and Kahn, R.},
  journal={Communications, IEEE Transactions on},
  volume={22},
  number={5},
  pages={637--648},
  year={1974},
  publisher={IEEE}
}

@article{Kohler,
  title={The Click modular router},
  author={Kohler, E. and Morris, R. and Chen, B. and Jannotti, J. and Kaashoek, M.F.},
  journal={ACM Transactions on Computer Systems (TOCS)},
  volume={18},
  number={3},
  pages={263--297},
  year={2000},
  publisher={ACM}
}

@inproceedings{Paxson:E2E,
  title={End-to-end routing behavior in the Internet},
  author={Paxson, V.},
  booktitle={ACM SIGCOMM Computer Communication Review},
  volume={26},
  number={4},
  pages={25--38},
  year={1996},
  organization={ACM}
}

@article{Greenberg:4D,
  title={A clean slate 4D approach to network control and management},
  author={Greenberg, A. and Hjalmtysson, G. and Maltz, D.A. and Myers, A. and Rexford, J. and Xie, G. and Yan, H. and Zhan, J. and Zhang, H.},
  journal={ACM SIGCOMM Computer Communication Review},
  volume={35},
  number={5},
  pages={41--54},
  year={2005},
  publisher={ACM}
}

@article{Norton,
  title={The art of peering: The peering playbook},
  author={Norton, WB},
  journal={Equinix inc},
  year={2002}
}

@article{Valancius,
  title={How Many Tiers? Pricing in the Internet Transit Market},
  author={Valancius, V. and Lumezanu, C. and Feamster, N. and Johari, R. and Vazirani, V.V.},
  journal={ACM SIGCOMM},
  year={2011}
}

@article{Anwer,
  title={Switchblade: A platform for rapid deployment of network protocols on programmable hardware},
  author={Anwer, M.B. and Motiwala, M. and Tariq, M. and Feamster, N.},
  journal={ACM SIGCOMM},
  volume={40},
  number={4},
  pages={183--194},
  year={2010},
  publisher={ACM}
}
URL for undefined reading list entry Mysore.  Creating.

@article{Mysore,
  title={Portland: a scalable fault-tolerant layer 2 data center network fabric},
  author={Niranjan Mysore, R. and Pamboris, A. and Farrington, N. and Huang, N. and Miri, P. and Radhakrishnan, S. and Subramanya, V. and Vahdat, A.},
  journal={ACM SIGCOMM},
  volume={39},
  number={4},
  pages={39--50},
  year={2009},
  publisher={ACM}
}

@article{Casado,
  title={Ethane: Taking control of the enterprise},
  author={Casado, M. and Freedman, M.J. and Pettit, J. and Luo, J. and McKeown, N. and Shenker, S.},
  journal={ACM SIGCOMM},
  volume={37},
  number={4},
  pages={1--12},
  year={2007},
  publisher={ACM}
}

@article{Gupta,
  title={The capacity of wireless networks},
  author={Gupta, P. and Kumar, P.R.},
  journal={Information Theory, IEEE Transactions on},
  volume={46},
  number={2},
  pages={388--404},
  year={2000},
  publisher={IEEE}
}

@inproceedings{Goldenberg,
  title={Optimizing cost and performance for multihoming},
  author={Goldenberg, D.K. and Qiuy, L. and Xie, H. and Yang, Y.R. and Zhang, Y.},
  booktitle={ACM SIGCOMM Computer Communication Review},
  volume={34},
  number={4},
  pages={79--92},
  year={2004},
  organization={ACM}
}

@inproceedings{Mahajan,
  title={The home needs an operating system (and an app store)},
  author={Dixon, C. and Mahajan, R. and Agarwal, S. and Brush, AJ and Lee, B. and Saroiu, S. and Bahl, V.},
  booktitle={Proceedings of the Ninth ACM SIGCOMM Workshop on Hot Topics in Networks},
  pages={18},
  year={2010},
  organization={ACM}
}

@inproceedings{Tariq,
  title={Detecting network neutrality violations with causal inference},
  author={Tariq, M.B. and Motiwala, M. and Feamster, N. and Ammar, M.},
  booktitle={Proceedings of the 5th international conference on Emerging networking experiments and technologies},
  pages={289--300},
  year={2009},
  organization={ACM}
}

@inproceedings{Murty,
  title={White space networking with wi-fi like connectivity},
  author={Bahl, P. and Chandra, R. and Moscibroda, T. and Murty, R. and Welsh, M.},
  booktitle={ACM SIGCOMM Computer Communication Review},
  volume={39},
  number={4},
  pages={27--38},
  year={2009},
  organization={ACM}
}
