/Users/feamster/research/biblio-nms/ref.bib