/Users/feamster/research/biblio-nms/rfc.bib