@inproceedings{whatif-nanog,
  title = 	 {Controlling the Impact of {BGP} Policy Changes on {IP} Traffic},
  booktitle = {NANOG 25},
  year = 	 2002,
  address = 	 {Toronto, Ontario, Canada},
  month = 	 jun,
}

@inproceedings{infranet:cmu,
  title = 	 {Infranet: Circumventing {W}eb Censorship and Surveillance},
  booktitle = {Carnegie Mellon University SDI Seminar},
  year = 	 2002,
  address = 	 {Pittsburgh, PA},
  month = 	 apr,
}


@inproceedings{infranet:hp,
  title = 	 {Infranet: Circumventing {W}eb Censorship and Surveillance},
  year = 	 2002,
  address = 	 {Hewlett-Packard Laboratories; Palo Alto, CA},
  month = 	 aug,
}


@inproceedings{infranet:ksg,
  title = 	 {Infranet: Circumventing {W}eb Censorship and Surveillance},
  booktitle = {Harvard Kennedy School of Government Seminar},
  year = 	 2002,
  address = 	 {Cambridge, MA},
  month = 	 nov,
}



@inproceedings{rolex-nanog,
  title = 	 {A Systematic Approach to {BGP} Configuration Checking},
  booktitle = {NANOG 29},
  year = 	 2003,
  address = 	 {Chicago, IL},
  month = 	 oct,
}


@inproceedings{rcc-nanog-noauth,
  title = 	 {Verifying Wide-Area Routing Configuration},
  booktitle = {NANOG 31},
  year = 	 2004,
  address = 	 {San Francisco, CA},
  month = 	 may,
}


@inproceedings{rcc:nyu,
  title = 	 {Verifying Wide-Area Routing Configuration with \textbf{rcc}},
  booktitle = {NYU Systems Reading Group},
  year = 	 2004,
  address = 	 {New York, NY},
  month = 	 feb,
}



@inproceedings{rcc:att,
  title = 	 {Verifying Wide-Area Routing Configuration with \textbf{rcc}},
  year =	 2004,
  address = 	 {AT\&T Labs; Florham Park, NJ},
  month = 	 feb,
}

@inproceedings{caida:imdc,
  title = 	 {Wide-Area Network Data and Analysis at {MIT}},
  year =	 2004,
  booktitle = {CAIDA Internet Measurement Data Catalog Workshop},
  address = 	 {San Diego, CA},
  month = 	 jun,
}


@inproceedings{caida:leiden,
  title = 	 {Characterizing Path Failures: Location, Characterization, Correlation},
  year =	 2002,
  booktitle = {CAIDA Internet Statistics, Metrics, and Analysis Workshop},
  address = 	 {Leiden, The Netherlands},
  month = 	 oct,
}

@inproceedings{caida:anomaly,
  title = 	 {Open Problems in {BGP} Anomaly Detection},
  year =	 2004,
  booktitle = {CAIDA Workshop on Internet Signal Processing},
  address = 	 {San Diego, CA},
  month = 	 nov,
}


@inproceedings{caida:e2e,
  title = 	 {On End-to-End Path Failures and Routing Instability},
  year =	 2004,
  booktitle = {CAIDA Workshop on Internet Signal Processing},
  address = 	 {San Diego, CA},
  month = 	 nov,
}

%%%%%%%%%%%%%%%%%%%%%%%%%%%%%%%%%%%%%%%%%%%%%%%%%%



@inproceedings{nanog35:imc,
  title = 	 "{Geographic Locality of IP Prefixes}",
  year =	 2005,
  booktitle = {NANOG 35},
  address = 	 {Los Angeles, CA},
  month = 	 oct,
}


@inproceedings{hp:phd,
  title = 	 "{Proactive Techniques for Correct and Predictable Internet Routing}",
  year =	 2005,
  booktitle = {Hewlett-Packard Laboratories},
  address = 	 {Palo Alto, CA},
  month = 	 oct,
}


@inproceedings{cambridge:phd,
  title = 	 "{Proactive Techniques for Correct and Predictable Internet Routing}",
  year =	 2005,
  booktitle = {University of Cambridge Symposium},
  address = 	 {England, United Kingdom},
  month = 	 jun,
}


@inproceedings{princeton-srg:phd,
  title = 	 "{Detecting BGP Configuration Faults with Static Analysis}",
  year =	 2005,
  booktitle = {Princeton University Systems Reading Group},
  address = 	 {Princeton, NJ},
  month = 	 oct,
}


@inproceedings{gtisc2006,
  title = 	 "{Network Security}",
  year =	 2006,
  booktitle = {Georgia Tech Information Security Center Lunch},
  address = 	 {Atlanta, GA},
  month = 	 jan,
}


@inproceedings{oakland:forensics,
  title = 	 "{Spam Forensics}",
  year =	 2006,
  booktitle = {IEEE Security and Privacy Crystal Ball Workshop},
  address = 	 {Berkeley, CA},
  month = 	 feb,
}


@inproceedings{tonc2006,
  title = 	 "{Theory of Measurement and Monitoring}",
  year =	 2006,
  booktitle = {Workshop on the Theory of Networked Computation},
  address = 	 {Princeton, NJ},
  month = 	 feb,
}

@inproceedings{nanog36:bgp-spam,
  title = 	 "{BGP Spamming Agility}",
  year =	 2006,
  booktitle = {NANOG 36},
  address = 	 {Dallas, TX},
  month = 	 feb,
}

@inproceedings{nanog35:rcc-demo,
  title = 	 {rcc Demonstration},
  booktitle = {NANOG 35},
  year = 	 2005,
  address = 	 {Los Angeles, CA},
  month = 	 oct,
}


@inproceedings{dp:cisco2006,
  title = 	 "{Challenges and Opportunities in Internet Data Mining}",
  year =	 2006,
  booktitle = {Cisco Network Management Summit},
  address = 	 {San Jose, CA},
  month = 	 feb,
}



@inproceedings{interzone2006,
  title = 	 "{Filtering: Sharpening Two Sides of a Double-Edged Sword}",
  year =	 2006,
  booktitle = {Interz0ne 5},
  address = 	 {Tucker, GA},
  month = 	 mar,
}

@inproceedings{infranet:ntg2006,
  title = 	 {Infranet: Circumventing {W}eb Censorship and Surveillance},
  booktitle = {Georgia Tech NTG Seminar},
  year = 	 2006,
  address = 	 {Atlanta, GA},
  month = 	 apr,
}

@inproceedings{msredge2006,
  title = 	 "{Campus and Personal Network Troubleshooting}",
  booktitle = {Microsoft Research EdgeNet 2006},
  year = 	 2006,
  address = 	 {Snoqualmie, WA},
  month = 	 jun,
}


@inproceedings{nanog37:spam,
  title = 	 "{Understanding the Network-Level Behavior of Spammers}",
  booktitle = {NANOG 37},
  year = 	 2006,
  address = 	 {San Jose, CA},
  month = 	 jun,
}


@inproceedings{stanford2006:spam,
  title = 	 "{Understanding the Network-Level Behavior of Spammers}",
  booktitle = {CS 548: Internet and Distributed Systems Seminar},
  year = 	 2006,
  address = 	 {Stanford, CA},
  month = 	 jun,
}


@inproceedings{aro2006:spam,
  title = 	 "{Botnets and Spam}",
  booktitle = {ARO-DARPA-DHS Special Workshop on Botnets},
  year = 	 2006,
  address = 	 {Arlington, VA},
  month = 	 jun,
}

@inproceedings{lip6:spam,
  title = 	 "{Botnets and Spam}",
  booktitle = {Seminar: Laboratoire d'informatique de Paris 6},
  year = 	 2006,
  address = 	 {Paris, France},
  month = 	 sep,
}


@inproceedings{cnrs:vini,
  title = 	 "{VINI: A Virtual Network Infrastructure}",
  booktitle = {Centre national de la recherche scientifique (CNRS)},
  year = 	 2006,
  address = 	 {Paris, France},
  month = 	 sep,
}

@inproceedings{cisco:cabo,
  title = 	 "{Cabo: Concurrent Architectures are Better than One}",
  booktitle = {Cisco Internet Routing Research Symposium},
  year = 	 2006,
  address = 	 {San Jose, CA},
  month = 	 aug,
}

@inproceedings{theory:embedding,
  title = 	 "{Network Virtualization and Graph Embedding}",
  booktitle = {Georgia Tech Algorithms and Randomness Center Seminar},
  year = 	 2006,
  address = 	 {Atlanta, GA},
  month = 	 sep,
}

@inproceedings{nanog39:dnsbl,
  title = "{Revealing Botnet Membership with DNSBL Counter-Intelligence}",
  booktitle = {NANOG 38},
  year = 2006,
  month = oct,
  year = 2006,
  address = {St. Louis, MO},
}

@inproceedings{jhu:spam,
  title = 	 "{Understanding the Network-Level Behavior of Spammers}",
  booktitle = {Johns Hopkins Security and Applied Research Lab Seminar},
  year = 	 2006,
  address = 	 {Baltimore, MD},
  month = 	 oct,
}

@inproceedings{nsf-pi:virtualization,
  title = 	 "{Network Virtualization}",
  booktitle = {National Science Foundation NeTS-FIND PI Meeting},
  year = 	 2006,
  address = 	 {Reston, VA},
  month = 	 nov,
}


@inproceedings{nsf-info:netarch,
  title = 	 "{Network Architecture Research}",
  booktitle = {National Science Foundation NeTS-FIND Informational Meeting},
  year = 	 2006,
  address = 	 {Reston, VA},
  month = 	 nov,
}


@inproceedings{stanford:vini,
  title = 	 "{Network Virtualization for Experimentation and Profit}",
  booktitle = {Stanford Networking Seminar},
  year = 	 2006,
  address = 	 {Stanford, CA},
  month = 	 nov,
}

@inproceedings{umich:vini,
  title = 	 "{Network Virtualization for Experimentation and Profit}",
  booktitle = {University of Michigan Networking Seminar},
  year = 	 2006,
  address = 	 {Ann Arbor, MI},
  month = 	 dec,
}

@inproceedings{cybertrust:pi2007,
  title = 	 "{Improving Network Operations with a View from the Edge}",
  booktitle = {National Science Foundation CyberTrust PI Meeting},
  year = 	 2007,
  address = 	 {Atlanta, GA},
  month = 	 jan,
}


@inproceedings{darpa-agn:accountability,
  title = 	 "{Towards an Accountable Internet Architecture}",
  booktitle = {DARPA STO Assurable Global Networking Workshop},
  year = 	 2007,
  address = 	 {Arlington, VA},
  month = 	 feb,
}


@inproceedings{darpa-graw:accountability,
  title = 	 "{Towards an Accountable Internet Architecture}",
  booktitle = {DARPA GIG Routing and Addressing Workshop},
  year = 	 2007,
  address = 	 {Arlington, VA},
  month = 	 feb,
}

@inproceedings{nextworking:splicing,
  title = 	 "{Path Splicing with Network Slicing}",
  booktitle = {NeXtworking 2007, the Second COST-NSF Workshop on Future Internet},
  year = 	 2007,
  address = 	 {Berlin, Germany},
  month = 	 apr,
}


@inproceedings{presto:agora,
  title = 	 "{AGORA: A Market for Internet Connectivity}",
  booktitle = {Workshop on Programmable Routers for Extensible Services of Tomorrow}, 
  year = 	 2007,
  address = 	 {Princeton, NJ},
  month = 	 may,
}


@inproceedings{nanog40:splicing,
  title = 	 "{Path Splicing with Network Slicing}",
  booktitle = {NANOG 40},
  year = 	 2007,
  address = 	 {Bellevue, WA},
  month = 	 jun,
}


@inproceedings{ucsd:splicing,
  title = 	 "{Path Splicing with Network Slicing}",
  booktitle = {UCSD Networking and Systems Seminar},
  year = 	 2007,
  address = 	 {San Diego, CA},
  month = 	 jun,
}

@inproceedings{nsf:virtualization,
  title = 	 "{Composing Virtual Networks}",
  booktitle = {Third NSF-NeTS FIND PI Meeting},
  year = 	 2007,
  address = 	 {Arlington, VA},
  month = 	 jun,
}



@inproceedings{ucl:splicing,
  title = 	 "{Path Splicing with Network Slicing}",
  booktitle = {UCL Networking Seminar},
  year = 	 2007,
  address = 	 {Louvain La Neuve, Belgium},
  month = 	 jul,
}


@inproceedings{intimate:vini,
  title = 	 "{Towards an Accountable Internet Architecture}",
  booktitle = {INTIMATE Workshop on Methods and Tools for Network Analysis},
  year = 	 2007,
  address = 	 {Paris, France},
  month = 	 jul,
}


@inproceedings{arc:splicing,
  title = 	 "{Path Splicing with Network Slicing}",
  booktitle = {Georgia Tech Algorithms and Randomness Center (ARC) Symposium},
  year = 	 2007,
  address = 	 {Atlanta, GA},
  month = 	 oct,
}


@inproceedings{usc:spam,
  title = 	 "{Network-Based Spam Filtering}",
  booktitle = {University of Southern California Computer Science Symposium},
  year = 	 2007,
  address = 	 {Los Angeles, CA},
  month = 	 oct,
}

@inproceedings{dhcp:imc,
  title = 	 "{Usage-Based DHCP Lease-Time Optimization}",
  booktitle = {ACM/USENIX Internet Measurement Conference},
  year = 	 2007,
  address = 	 {San Diego, CA},
  month = 	 oct,
}


@inproceedings{dimacs:routing-tutorial,
  title = 	 "{Internet Availability}",
  booktitle = {DIMACS Tutorial on Algorithms for Next-Generation Networks},
  year = 	 2007,
  address = 	 {New Brunswick, NJ},
  month = 	 aug,
}




@inproceedings{bell:splicing,
  title = 	 "{Path Splicing}",
  booktitle = {Bell Labs Networking Seminar},
  year = 	 2007,
  address = 	 {Murray Hill, NJ},
  month = 	 nov,
}

@inproceedings{cornell:splicing,
  title = 	 "{Path Splicing}",
  booktitle = {Cornell University Computer Science Symposium},
  year = 	 2007,
  address = 	 {Ithaca, NY},
  month = 	 nov,
}



@inproceedings{colgate:splicing,
  title = 	 "{Path Splicing}",
  booktitle = {Colgate University Computer Science Seminar},
  year = 	 2007,
  address = 	 {Hamilton, NY},
  month = 	 nov,
}

@inproceedings{7001:sigcse,
  title = 	 "{Can Great Research Be Taught? Independent Research with Cross-Disciplinary Thinking and Broader Impact}",
  booktitle = "ACM SIGCSE Technical Symposium on Computer Science Edudation (SIGCSE)",
  year = 	 2008,
  address = 	 {Portland, OR},
  month = 	 mar,
}

@inproceedings{cmu:splicing,
  title = 	 "{Path Splicing}",
  booktitle = {Carnegie Mellon University Computer Science Seminar},
  year = 	 2008,
  address = 	 {Pittsburgh, PA},
  month = 	 apr,
}

@inproceedings{dimacs:bgpsec,
  title = 	 "{BGP, Bogons, and Spam}",
  booktitle = {DIMACS Workshop on Secure Internet Routing},
  year = 	 2008,
  address = 	 {New Brunswick, NJ},
  month = 	 mar,
}


@inproceedings{i2:spam,
  title = 	 "{Network-Based Spam Filtering}",
  booktitle = {Internet2 Members Meeting},
  year = 	 2008,
  address = 	 {Arlington, VA},
  month = 	 apr,
}


@inproceedings{google:spam,
  title = 	 "{Spam, Phishing, and Online Scams:\\ A View from the Network-Level}",
  booktitle = {Google Tech Talk},
  year = 	 2008,
  address = 	 {Mountain View, CA},
  month = 	 jun,
  note = "\url{http://www.youtube.com/watch?v=IBPg9Lyta3A}"
}


@inproceedings{epfl:splicing,
  title = 	 "{Path Splicing}",
  booktitle = {EPFL Summer Research Institute},
  year = 	 2008,
  address = 	 {Lausanne, Switzerland},
  month = 	 jul,
}


@inproceedings{yahoo:spam,
  title = 	 "{Spam, Phishing, and Online Scams:\\ A View from the Network-Level}",
  booktitle = {Yahoo Tech Talk},
  year = 	 2008,
  address = 	 {Sunnyvale, CA},
  month = 	 aug,
}



@InProceedings{dimacs2008:doppler,
  title = 	 "{Making Tomography Practical: Scalable Network Monitoring for Fault Diagnosis}",
  booktitle = "{DIMACS Workshop on Network Tomography}",
  year = 2008,
  address = {New Brunswick, NJ},
  month = may
}


@inproceedings{toronto:spam,
  title = 	 "{Spam, Phishing, and Online Scams:\\ A View from the Network-Level}",
  booktitle = {University of Toronto Computer Science Department Colloquium},
  year = 	 2008,
  address = 	 {Toronto, Ontario, Canada},
  month = 	 dec,
}


@inproceedings{aintec:spam,
  title = 	 "{Fighting Spam, Phishing, and Online Scams at the Network Level}",
  booktitle = {Asian Internet Engineering Conference},
  year = 	 2008,
  address = 	 {Bangkok, Thailand},
  month = 	 nov,
}


@inproceedings{mraws2:spam,
  title = 	 "{Network-Level Spam Filtering}",
  booktitle = {IPAM Workshop on Applications of Internet MRA to Cyber-Security }, 
  year = 	 2008,
  address = 	 {Los Angeles, CA},
  month = 	 oct,
}


@inproceedings{mraws4:nano,
  title = 	 "{Detecting and Diagnosing Network Performance Degradations with Statistical Methods}",
  booktitle = {IPAM Workshop on New Mathematical Frontiers in Network Multi-Resolution Analysis}, 
  year = 	 2008,
  address = 	 {Los Angeles, CA},
  month = 	 oct,
}

@inproceedings{ccw:aip,
  title = 	 "{Towards an Accountable Internet Architecture}",
  booktitle = {The IEEE 22nd Annual Computer Communications Workshop},
  year = 	 2008,
  address = 	 {Steamboat Springs, Colorado},
  month = 	 oct,
}


@inproceedings{gec3:mux,
  title = 	 "{Multiplexing BGP Sessions with a BGP Session Multiplexer}",
  booktitle = {3rd GENI Engineering Conference},
  year = 	 2008,
  address = 	 {Palo Alto, CA},
  month = 	 oct,
}

@inproceedings{cisco:spam,
  title = 	 "{Network-Level Spam Defenses}",
  booktitle = {Cisco Systems Security Seminar},
  year = 	 2009,
  address = 	 {San Jose, CA},
  month = 	 mar,
}

@inproceedings{stanford:spam,
  title = 	 "{Network-Level Spam Defenses}",
  booktitle = {Stanford University Networking Seminar},
  year = 	 2009,
  address = 	 {Stanford, CA},
  month = 	 mar,
}

@inproceedings{unc:spam,
  title = 	 "{Network-Level Spam Defenses}",
  booktitle = {University of North Carolina Computer Science Department Colloquium},
  year = 	 2009,
  address = 	 {Chapel Hill, NC},
  month = 	 mar,
}

@inproceedings{wisc:spam,
  title = 	 "{Network-Level Spam Defenses}",
  booktitle = {University of Wisconsin Computer Science Department Colloquium},
  year = 	 2009,
  address = 	 {Madison, WI},
  month = 	 apr,
}

@InProceedings{find09:trellis,
  booktitle = {NSF NeTS FIND PI Meeting},
  title = 	 "{Trellis: A Platform for Building Flexible, Fast Virtual Networks on Commodity Hardware}",
  year = 	 2009,
  month = 	 apr,
  address = 	 {Arlington, VA},
}


@InProceedings{caida09:fastflux,
  booktitle = {CAIDA Active Internet Measurement Systems (AIMS) Workshop},
  title = 	 "{Dynamics of Online Scam Hosting Infrastructure}",
  year = 	 2009,
  month = 	 feb,
  address = 	 {San Diego, CA},
}

@InProceedings{pam09:fastflux,
  booktitle = {Passive and Active Measurement Conference},
  title = 	 "{Dynamics of Online Scam Hosting Infrastructure}",
  year = 	 2009,
  month = 	 apr,
  address = 	 {Seoul, Korea},
}

@InProceedings{gec4:dtunnels,
  booktitle = {4th GENI Engineering Conference},
  title = 	 "{Demonstration of Topology Creation Service and BGP
                  Session Multiplexer}",
  year = 	 2009,
  month = 	 apr,
  address = 	 {Miami, Florida},
}



@inproceedings{gtcoc:netsec,
  title = 	 "{Network Security Research}",
  booktitle = {Georgia Tech College of Computing Wine \& Cheese Talk},
  year = 	 2009,
  address = 	 {Atlanta, GA},
  month = 	 apr,
}

@inproceedings{geni:outsource,
  title = 	 "{Outsourcing Network Security with Programmable Hardware}",
  booktitle = {GENI Security Workshop},
  year = 	 2009,
  address = 	 {Davis, CA},
  month = 	 apr,
}


@inproceedings{epfl:spam,
  title = 	 "{Network-Level Spam and Scam Defenses}",
  booktitle = {EPFL Summer Research Institute},
  year = 	 2009,
  address = 	 {Lausanne, Switzerland},
  month = 	 jun,
}



@inproceedings{geni:bgpmux,
  title = 	 "{Bringing Experimenters and External Connectivity to GENI}",
  booktitle = {GENI Measurement Workshop},
  year = 	 2009,
  address = 	 {Madison, WI},
  month = 	 jun,
}


@inproceedings{princeton:spam,
  title = 	 "{Network-Level Spam and Scam Defenses}",
  booktitle = {Princeton University Computer Science Department Colloquium},
  year = 	 2009,
  address = 	 {Princeton, NJ},
  month = 	 oct,
}

@inproceedings{maawg:spam,
  title = 	 "{SNARE: Spatio-Temporal Network-Level Automated Reputation Engine}",
  booktitle = {Message Anti-Abuse Working Group (MAAWG) Plenary Session},
  year = 	 2009,
  address = 	 {Philadelphia, PA},
  month = 	 oct,
}


@inproceedings{cisco:trellis,
  title = 	 "{A Platform for Building Flexible, Fast Virtual Networks on Commodity Hardware}",
  booktitle = {Cisco Routing Architecture Workshop},
  year = 	 2009,
  address = 	 {San Jose, CA},
  month = 	 oct,
}


@inproceedings{dimacs:resonance,
  title = 	 "{Dynamic Access Control with Resonance}",
  booktitle = {DIMACS Workshop on Network Management},
  year = 	 2009,
  address = 	 {New Brunswick, NJ},
  month = 	 nov,
}

@inproceedings{conext:nano,
  title = 	 "{Detecting General Network Neutrality Violations with Causal Inference}",
  booktitle = {ACM SIGCOMM CoNext},
  year = 	 2009,
  address = 	 {Rome, Italy},
  month = 	 dec,
}


@inproceedings{dimacs:security,
  title = 	 "{Network-Layer Support for Secure Routing and Access Control}",
  booktitle = {DIMACS Workshop on Secure Routing},
  year = 	 2010,
  address = 	 {New Brunswick, NJ},
  month = 	 mar,
}

@inproceedings{harvard:spam,
  title = 	 "{Network-Level Spam and Scam Defenses}",
  booktitle = {Harvard University Computer Science Department Colloquium},
  year = 	 2010,
  address = 	 {Cambridge, MA},
  month = 	 apr,
}


@inproceedings{mit:spam,
  title = 	 "{Network-Level Spam and Scam Defenses}",
  booktitle = {MIT Computer Science Department Colloquium},
  year = 	 2010,
  address = 	 {Cambridge, MA},
  month = 	 may,
}

@inproceedings{afnog:spam,
  title = 	 "{Network-Level Spam and Scam Defenses}",
  booktitle = {African Network Operators Group},
  year = 	 2010,
  address = 	 {Kigali, Rwanda},
  month = 	 jun,
}

@inproceedings{bismark:afnog:2013,
  title = 	 "{Measuring Broadband Performance in South Africa}",
  booktitle = {African Network Operators Group},
  year = 	 2013,
  address = 	 {Lusaka, Zambia},
  month = 	 jun,
}


@inproceedings{nict:spam,
  title = 	 "{Network-Level Spam and Scam Defenses}",
  booktitle = {National Institute of Information and Communications Technology},
  year = 	 2010,
  address = 	 {Tokyo, Japan},
  month = 	 jun,
}


@inproceedings{nict:switchblade,
  title = 	 "{SwitchBlade: A Platform for Rapid Deployment of
 Network Protocols on Programmable Hardware}",
  booktitle = {National Institute of Information and Communications Technology},
  year = 	 2010,
  address = 	 {Tokyo, Japan},
  month = 	 jun,
}

@inproceedings{nict:tp,
  title = 	 "{Wide-Area Routing for Distributed Services}",
  booktitle = {University of Tokyo},
  year = 	 2010,
  address = 	 {Tokyo, Japan},
  month = 	 jun,
}


@inproceedings{stanford:switchblade,
  title = 	 "{SwitchBlade: A Platform for Rapid Deployment of
 Network Protocols on Programmable Hardware}",
  booktitle = {Stanford Networking Seminar},
  year = 	 2010,
  address = 	 {Stanford, CA},
  month = 	 jun,
}


@inproceedings{sigcomm2010:switchblade,
  title = 	 "{SwitchBlade: A Platform for Rapid Deployment of
 Network Protocols on Programmable Hardware}",
  booktitle = {ACM SIGCOMM},
  year = 	 2010,
  address = 	 {New Delhi, India},
  month = 	 sep,
}

@inproceedings{gew2010:tp,
  title = 	 "{Wide-Area Routing for Distributed Services}",
  booktitle = {GENI Experimenters Workshop},
  year = 	 2010,
  address = 	 {Princeton, NJ},
  month = 	 jun,
}


@inproceedings{gec2010:tp-tutorial,
  title = 	 "{Wide-Area Routing for Distributed Services: Tutorial}",
  booktitle = {GENI Engineering Conference 8},
  year = 	 2010,
  address = 	 {San Diego, CA},
  month = 	 jul,
}


@inproceedings{homenets2010:outsourcing,
  title = 	 "{Outsourcing Home Network Security}",
  booktitle = {ACM SIGCOMM Workshop on Home Networking (HomeNets)},
  year = 	 2010,
  address = 	 {New Delhi, India},
  month = 	 sep,
}

@inproceedings{homenets2010:challenges,
  title = 	 "{Challenges and Opportunities in Home Network Measurement}",
  booktitle = {ACM SIGCOMM Workshop on Home Networking (HomeNets)},
  year = 	 2010,
  address = 	 {New Delhi, India},
  month = 	 sep,
  note = {Panel Discussion.}
}


@inproceedings{imlay2010,
  title = 	 "{Challenges and Opportunities for Tomorrow's Networks}",
  booktitle = {John P. Imlay Distinguished Lecture},
  year = 	 2010,
  address = 	 {Atlanta, GA},
  month = 	 oct,
}

@inproceedings{cisco2010:home,
  title = 	 "{What Factors Affect Home Network Performance}",
  booktitle = {Cisco/Intel Home Network Services Summit},
  year = 	 2010,
  address = 	 {San Jose, CA},
  month = 	 nov,
}

@inproceedings{conext2010,
  title = 	 "{Challenges and Opportunities for Tomorrow's Networks}",
  booktitle = {ACM SIGCOMM CoNext Keynote Address},
  year = 	 2010,
  address = 	 {Philadelphia, PA},
  month = 	 nov,
}

@inproceedings{bell2011:switchblade,
  title = 	 "{SwitchBlade: A Platform for Rapid Deployment of
 Network Protocols on Programmable Hardware}",
  booktitle = {Bell Labs Symposium},
  year = 	 2011,
  address = 	 {Murray Hill, NJ},
  month = 	 feb,
}


@inproceedings{princeton2011,
  title = 	 "{Challenges and Opportunities for Tomorrow's Networks}",
  booktitle = {Princeton University Department of Computer Science Colloquium},
  year = 	 2011,
  address = 	 {Princeton, NJ},
  month = 	 feb,
}

@inproceedings{aims2011,
  title = 	 "{Broadband Internet Performance: A View from the Gateway}",
  booktitle = {UCSD/CAIDA Active Internet Measurement Symposium (AIMS)},
  year = 	 2011,
  address = 	 {San Diego, CA},
  month = 	 feb,
}

@inproceedings{internet2:bismark:2011,
  title = 	 "{Broadband Internet Performance: A View from the Gateway}",
  booktitle = {Internet2 Members' Meeting},
  year = 	 2011,
  address = 	 {Clemson, SC},
  month = 	 feb,
}


@inproceedings{google:bismark:2011,
  title = 	 "{Broadband Internet Performance: A View from the Gateway}",
  booktitle = {Google Tech Talk},
  year = 	 2011,
  address = 	 {New York, NY},
  month = 	 may,
}


@inproceedings{afnog:bismark:2011,
  title = 	 "{Broadband Internet Performance: A View from the Gateway}",
  booktitle = {African Network Operators Group Meeting},
  year = 	 2011,
  address = 	 {Dar es Salaam, Tanzania},
  month = 	 jun,
}

@inproceedings{pam2011,
  title =  "{Passive and Active Measurements at the Network Frontier (The home)}",
  booktitle = {12th Passive and Active Measurement Conference (PAM)},
  address = {Atlanta, GA},
  month = mar,
  year = 2011
}


@inproceedings{geni2011:bgpmux,
  title =  "{Adding Traffic Control to Your GENI Slice with BGP Mux}",
  booktitle = {10th GENI Engineering Conference (GEC)},
  address = {San Juan, Puerto Rico},
  month = mar,
  year = 2011
}

@inproceedings{ons2011,
  title =  "{Software Defined Network Management}",
  booktitle = {1st Open Network Summit},
  address = {Stanford, CA},
  month = oct,
  year = 2011
}

@inproceedings{broadband2020:2011,
  title =  "{Managing the Home Network}",
  booktitle = {Broadband 2020 Symposium},
  address = {Atlanta, GA},
  month = oct,
  year = 2011
}

@inproceedings{ccw2011,
  title =  "{Open Information Access: Old Problems, Emerging Challenges}",
  booktitle = {IEEE Computer Communications Workshop (CCW)},
  address = {Hyannis, MA},
  month = oct,
  year = 2011
}



@inproceedings{gmu-iep:2011,
  title =  "{Why IP Alerts May Require New Technology}",
  booktitle = {George Mason University Law School IEP Panel},
  address = {Arlington, VA},
  month = oct,
  year = 2011
}


@inproceedings{agility:verisign2011,
  title =  "{Reputation Systems Based on Network-Level Behavior}",
  booktitle = {Colloquium at Verisign, Inc.},
  address = {Reston, VA},
  month = jul,
  year = 2011
}


@inproceedings{neted2011,
  title =  "{Getting Students' Hands Dirty with Clean-Slate Networking}",
  booktitle = {ACM SIGCOMM Network Education Workshop (NetEd)},
  address = {Toronto, Ontario, Canada},
  month = aug,
  year = 2011
}





@inproceedings{gec12:2011,
  title =  "{Software Defined Network Management}",
  booktitle = {12th GENI Engineering Conference (GEC)},
  address = {Kansas City, MO},
  month = nov,
  year = 2011
}


@inproceedings{infocontrol:mpi:2011,
  title =  "{The Battle for Control of Online Communications}",
  booktitle = {Max Planck Institute for Software Systems Department Colloquium},
  address = {Saarbrucken, Germany},
  month = nov,
  year = 2011
}


@inproceedings{infocontrol:uiuc:2012,
  title =  "{The Battle for Control of Online Communications}",
  booktitle = {University of Illinois Computer Science Department Colloquium},
  address = {Urbana-Champaign, IL},
  month = feb,
  year = 2012
}


@inproceedings{infocontrol:michigan:2012,
  title =  "{The Battle for Control of Online Communications}",
  booktitle = {University of Michigan Computer Science Department Colloquium},
  address = {Ann Arbor, MI},
  month = feb,
  year = 2012
}

@inproceedings{infocontrol:brown:2012,
  title =  "{The Battle for Control of Online Communications}",
  booktitle = {Brown University Computer Science Department Colloquium},
  address = {Providence, RI},
  month = feb,
  year = 2012
}

@inproceedings{infocontrol:bu:2012,
  title =  "{The Battle for Control of Online Communications}",
  booktitle = {Boston University Electrical Engineering Department Colloquium},
  address = {Boston, MA},
  month = feb,
  year = 2012
}

@inproceedings{infocontrol:columbia:2012,
  title =  "{The Battle for Control of Online Communications}",
  booktitle = {Columbia University Computer Science Department Colloquium},
  address = {New York, NY},
  month = feb,
  year = 2012
}


@inproceedings{infocontrol:ucsb:2012,
  title =  "{The Battle for Control of Online Communications}",
  booktitle = {UC Santa Barbara Computer Science Department Colloquium},
  address = {Santa Barbara, CA},
  month = feb,
  year = 2012
}


@inproceedings{infocontrol:nyu:2012,
  title =  "{The Battle for Control of Online Communications}",
  booktitle = {New York University Computer Science Department Colloquium},
  address = {New York, NY},
  month = mar,
  year = 2012
}

@inproceedings{infocontrol:umd:2012,
  title =  "{The Battle for Control of Online Communications}",
  booktitle = {University of Maryland Computer Science Department Colloquium},
  address = {College Park, MD},
  month = apr,
  year = 2012
}


@inproceedings{infocontrol:washington:2012,
  title =  "{The Battle for Control of Online Communications}",
  booktitle = {University of Washington Computer Science Department Colloquium},
  address = {Seattle, WA},
  month = apr,
  year = 2012
}


@inproceedings{infocontrol:wisconsin:2012,
  title =  "{The Battle for Control of Online Communications}",
  booktitle = {University of Wisconsin Computer Science Department Colloquium},
  address = {Madison, WI},
  month = apr,
  year = 2012
}


@inproceedings{infocontrol:google:2012,
  title =  "{The Battle for Control of Online Communications}",
  booktitle = {Google Tech Talk},
  address = {Seattle, WA},
  month = apr,
  year = 2012
}


@inproceedings{infocontrol:msr:2012,
  title =  "{The Battle for Control of Online Communications}",
  booktitle = {Microsoft Research Colloquium},
  address = {Seattle, WA},
  month = apr,
  year = 2012
}

@inproceedings{infocontrol:berkeley:2013,
  title =  "{The Battle for Control of Online Communications}",
  booktitle = {UC Berkeley TRUST Seminar},
  address = {Berkeley, CA},
  month = mar,
  year = 2013
}

@inproceedings{infocontrol:georgetown:2013,
  title =  "{The Battle for Control of Online Communications}",
  booktitle = {Georgetown Computer Science Colloquium},
  address = {Washington, DC},
  month = apr,
  year = 2013
}

@inproceedings{infocontrol:gwu:2012,
  title =  "{The Battle for Control of Online Communications}",
  booktitle = {George Washington University Computer Science Colloquium},
  address = {Washington, DC},
  month = nov,
  year = 2012
}


@inproceedings{infocontrol:att:2012,
  title =  "{The Battle for Control of Online Communications}",
  booktitle = {AT\&T Research Colloquium},
  address = {New York, NY},
  month = nov,
  year = 2012
}




@inproceedings{homework2012,
  title =  "{How Can We Make Home Networks Easier to Manage?}",
  booktitle = {Homework Summit},
  address = {Cambridge, UK},
  month = jan,
  year = 2012
}

@inproceedings{lithium:ons2012,
  title =  "{Lithium: Event-Driven Network Control}",
  booktitle = {2nd Open Networking Summit},
  address = {Santa Clara, CA},
  month = mar,
  year = 2012
}

@inproceedings{sdn:geni-cio2012,
  title =  "{Lithium: Event-Driven Network Control}",
  booktitle = {GENI CIO Workshop},
  address = {Boston, MA},
  month = jul,
  year = 2012
}


@inproceedings{sdn:geni-cio2012,
  title =  "{Lithium: Event-Driven Network Control}",
  booktitle = {GENI CIO Workshop},
  address = {Boston, MA},
  month = jul,
  year = 2012
}

@inproceedings{bismark:80211-2012,
  title =  "{Broadband Internet Performance: A View from the Gateway}",
  booktitle = {IEEE 802.15 Working Group},
  address = {Atlanta, GA},
  month = jun,
  year = 2012
}


@inproceedings{bismark:nae:2013,
  title =  "{Broadband Internet Performance: A View from the Gateway}",
  booktitle = {National Academy of Engineering Cybersecurity Symposium},
  address = {Atlanta, GA},
  month = mar,
  year = 2013
}

@inproceedings{sdn:irtf2012,
  title =  "{Lithium: Event-Driven Network Control}",
  booktitle = {IRTF Software Defined Networking Research Group},
  address = {Vancouver, British Columbia, Canada},
  month = aug,
  year = 2012
}

@inproceedings{sdx:irtf2013,
  title =  "{SDX: A Software Defined Internet Exchange}",
  booktitle = {IRTF Software Defined Networking Research Group},
  address = {Orlando, Florida},
  month = mar,
  year = 2013
}

@InProceedings{bobble:aims:2013,
  booktitle = {CAIDA Active Internet Measurement Systems (AIMS) Workshop},
  title = 	 "{Exposing Inconsistent Web Search Results with Bobble}",
  year = 	 2013,
  month = 	 feb,
  address = 	 {San Diego, CA},

}

@inproceedings{sdx:ons2013,
  title =  "{SDX: A Software Defined Internet Exchange}",
  booktitle = {Open Network Summit},
  address = {Santa Clara, CA},
  month = apr,
  year = 2013
}


@inproceedings{sdx:ons2013,
  title =  "{SDX: A Software Defined Internet Exchange}",
  booktitle = {Open Network Summit},
  address = {Santa Clara, CA},
  month = apr,
  year = 2013
}



@inproceedings{censorship:zisc:2013,
  title =  "{Censorship Resilience: Current Research Challenges and Future Directions}",
  booktitle = {ETH Zurich Information Security and Privacy Center.  Workshop on Securing Future Communication Networks Against Emerging Threats},
  address = {Zurich, Switzerland},
  month = oct,
  year = 2013
}

@inproceedings{juniper:sdn:2013,
  title =  "{Software Defined Networking}",
  booktitle = {Juniper SDN Summit},
  address = {Atlanta, GA},
  month = oct,
  year = 2013
}

@inproceedings{cisco:sdi:2013,
  title =  "{Software Defined Networking}",
  booktitle = {Cisco Software Defined Infrastructure (SDI) Summit},
  address = {Santa Clara, CA},
  month = aug,
  year = 2013
}


@inproceedings{mooc2013,
  title =  "{A ReMOOCable Experience: Teaching Networking to the Masses}",
  booktitle = {University of Cape Town Department Colloqium},
  address = {Cape Town, South Africa},
  month = jul,
  year = 2013
}



@inproceedings{sdn:ietf2012,
  title =  "{Software Defined Networking}",
  booktitle = {IETF Plenary Session},
  address = {Vancouver, British Columbia, Canada},
  month = aug,
  year = 2012
}

@inproceedings{sdn:gfi:2013,
  title = "{SDN Abstractions for Network Management}",
  booktitle = {Global Future Internet Summit},
  address = {Seoul, Korea},
  month = oct,
  year = 2013
}

@inproceedings{nitrd:sdx:2013,
  title = "{SDX: A Software Defined Internet Exchange}",
  booktitle = {NITRD Program Review},
  address = {Washington, DC},
  month = dec,
  year = 2013
}

@inproceedings{princeton:censor:2013,
  title = "{Defending Against Internet Censorship and Control, from Firewalls to Filter Bubbles}",
  booktitle = {Princeton University Computer Science Department Colloquium},
  address = {Princeton, NJ},
  month = nov, 
  year = 2013
}

@inproceedings{columbia:censor:2013,
  title = "{Defending Against Internet Censorship and Control, from Firewalls to Filter Bubbles}",
  booktitle = {Columbia University Computer Science Department Colloquium},
  address = {New York, NY},
  month = dec, 
  year = 2013
}

@inproceedings{conext:student:2013,
  title = "{A Retrospective on Networking Research Revolutions (and How to Start Your Own)}",
  booktitle = {CoNext Student Workshop Keynote Presentation},
  address = {Santa Barbara, CA},
  month = dec, 
  year = 2013
}




@inproceedings{dimacs:silverline:2014,
  title = "{SilverLine: Preventing Data Leaks from Compromised Web Applications)}",
  booktitle = {DIMACS Workshop on Secure Cloud Computing},
  address = {New Brunswick, NJ},
  month = mar,
  year = 2014
}

@inproceedings{aims:bismark:2014,
title = "{WTF? Locating Performance Problems in Home Networks}",
booktitle = "{CAIDA AIMS 2014: Workshop on Active Internet Measurements}",
address = {San Diego, CA},
month = mar,
year = 2014
}

@inproceedings{sdn:meetup:2014,
title = "{Programming Software Defined Networks}",
booktitle = {Software Defined Networking Group - Baltimore/Washington},
address = {Washington, DC},
month = apr,
year = 2014
}

@inproceedings{princeton:bots:2014,
title = "{Bots, Bubbles, and Bottlenecks: Safeguarding the User's Internet Experience}",
booktitle = {Princeton University Computer Science Department Colloquium},
address = {Princeton, NJ},
month = apr,
year = 2014
}

@inproceedings{skytree:ml:2014,
title = "{Network Management: Big Data to the Rescue}",
booktitle = {Skytree Seminar},
address = {San Jose, CA},
month = apr,
year = 2014
}


@inproceedings{onug:sdn:2014,
title = "{Implementing Network Policies in SDN: From the Enterprise to the Wide Area}",
booktitle = "{Open Networking Users Group}",
address = {New York, NY},
month = may, 
year = 2014
}

@inproceedings{clsi:censorship:2014,
title = "{Encore: Lightweight Measurement of Censorship With Cross-Origin Requests}",
booktitle = {Citizen Lab Summer Institute},
address = {Toronto, Ontario, Canada},
month = jul,
year = 2014
}

@inproceedings{mooc:2014,
title = "{Achieving Learning Objectives Online: Not All Platforms are Equal!}",
booktitle = {Learning with MOOCs: A Practitioner's Workshop},
address = {Cambridge, MA},
month = aug,
year = 2014
}

@inproceedings{nsa:sdn:2014,
  title = "{SDN Abstractions for Network Management}",
  booktitle = {NSA Laboratory for Telecommunications Sciences Seminar},
  address = {College Park, MD},
  month = sep,
  year = 2014
}

@inproceedings{bitag:sdx:2014,
  title =  "{SDX: A Software Defined Internet Exchange}",
  booktitle = {Broadband Internet Technical Advisory Group (BITAG)},
  address = {Orlando, Florida},
  month = oct,
  year = 2014
}

@inproceedings{dcaps:encore:2014,
title = "{Encore: Lightweight Measurement of Censorship With Cross-Origin Requests}",
booktitle = {DC Area Privacy and Security Seminar (DC-APS)},
address = {College Park, MD},
month = nov,
year = 2014
}

@inproceedings{att:sdx:2014,
  title = "{SDN Abstractions for Network Management}",
  booktitle = {AT\&T Software Defined Networking (SDN) Summit},
  address = {New York, NY},
  month = nov,
  year = 2014
}

@inproceedings{gaia:peering:2014,
  title = "{Peering at the Internet's Frontier: A First Look at Interconnectivity in Africa}",
  booktitle = {Third Global Access to Internet for All (GAIA) Meeting},
  address = {San Jose, CA},
  month = dec,
  year = 2014
}

@InProceedings{webtap:bobble:2014,
  booktitle = {Web Transparency and Privacy Workshop},
  title = 	 "{Exposing Inconsistent Web Search Results with Bobble}",
  year = 	 2014,
  month = 	 nov,
  address = 	 {Princeton, NJ},

}


% October 2011
% GEC 12 Talk
% Broadband 2020 Talk
% Open Network Summit Talk
% Panel at GMU Law
% CCW Talk

% July 2011
% Verisign Talk


% June 2011
% Afnog Talk


% May 2011
% Google Talk

% March 2011
% GEC Plenary Demo
% PAM Keynote


% February 2011
% Clemson Internet2 Talk
% AIMS Talk
% Princeton Lecture
% Bell Labs Talk (SwitchBlade)


% Dec 2010
% Conext Keynote

% Nov 2010
% Cisco Home Networking Summit













%%%%%%%%%%%%%%%%%%%%%%%%%%%%%%%%%%%%%%%%%%%%%%%%%%
% Posters

@inproceedings{Sundaresan:sigcomm2012:bismark,
  title = "{Accelerating Last-Mile Web Performance with Popularity-Based Prefetching}",
  author = {Srikanth Sundaresan and Nazanin Magharei and Nick Feamster and Renata Teixeira},
  note = {},
  crossref = "sigcomm2012",
} 



@inproceedings{Konte:sigcomm2011:bgp,
  title = "{Wide-Area Routing Dynamics of Malicious Networks}",
  author = {Maria Konte and Nick Feamster},
  note = {},
  crossref = "sigcomm2011",
} 


@inproceedings{Kim:sigcomm2011:cap,
  title = "{Communicating with Caps: Managing Usage Caps in Home Networks}",
  author = {Hyojoon Kim and Srikanth Sundaresan and Marshini Chetty and Nick Feamster and W. Keith Edwards}, 
  note = {},
  crossref = "sigcomm2011",
} 





@inproceedings{Sundaresan:sigcomm2010:sculpte,
  title = "{Traffic Engineering with Self-Configuring Topologies}",
  author = {Srikanth Sundaresan and Cristian Lumezanu and Nick Feamster and Pierre Francois},
  note = {},
  crossref = "sigcomm2010",
} 


@inproceedings{Valancius:sigcomm2010:tp,
  title = "{Transit Portal: BGP Connectivity as a Service}",
  author = {Vytautas Valancius and Hyojoon Kim and Nick Feamster},
  note = {Demo.},
  crossref = "sigcomm2010",
} 

@inproceedings{Burnett:sigcomm2010:collage,
  title = "{Circumventing Censorship with Collage}",
  author = {Sam Burnett and Nick Feamster and Santosh Vempala},
  note = {Demo.},
  crossref = "sigcomm2010",
} 





@inproceedings{Ramachandran:sigcomm2009:pedigree,
  title = "{Securing Enterprise Networks with Traffic Tainting}",
  author = {Anirudh Ramachandran and Yogesh Mundada and Mukarram bin Tariq and Nick Feamster},
  note = {Demo.},
  crossref = "sigcomm2009",
} 

@inproceedings{Valancius:sigcomm2009:bgpmux,
  title = "{Transit Portal: Bringing Connectivity to the Cloud}",
  author = {Vytautas Valancius and Nick Feamster and Jennifer Rexford and Aki Nakao},
  note = {Demo.},
  crossref = "sigcomm2009",
} 

@inproceedings{Motiwala:sigcomm2009:splicing,
  title = "{Network and End-System Support for Transparent Use of Multiple Paths}",
  author = {Murtaza Motiwala and Megan Elmore and Yogesh Mundada and Nick Feamster},
  note = {Demo.},
  crossref = "sigcomm2009",
} 





@inproceedings{Burnett:nsdi2009:collage,
  title = "{Circumventing Internet Censorship with Collage}",
  author = {Sam Burnett and Nick Feamster and Santosh Vempala},
  note = {Demo.},
  crossref = "nsdi2009",
} 



@inproceedings{Mundada:nsdi2008:trinity,
  title = "{Trinity: A Framework for Managing Wide-Area Virtual Networks}",
  author = {Yogesh Mundada and Murtaza Motiwala and and Vytautas Valancius and Andy Bavier and Nick Feamster and Larry Peterson and Sapan Bhatia and Jennifer Rexford},
  crossref = "nsdi2008"
} 

@inproceedings{Motiwala:nsdi2007:orchid,
  author = 	 {Murtaza Motiwala and Andy Bavier and Nick Feamster},
  title = 	 "{In-Band Network Troubleshooting}",
  crossref = "nsdi2007",
}

@inproceedings{Ramachandran:nsdi2006:spam,
  author =       {Anirudh Ramachandran and Nick Feamster},
  title =        "{Understanding the Network-Level Behavior of Spammers}",
  crossref = "nsdi2006"
}


@inproceedings{Feamster:nsdi2004:rcc,
  author =       {Nick Feamster and Hari Balakrishnan},
  title =        "{Detecting BGP Configuration Faults with Static Analysis}",
  crossref = "nsdi2004"
}

%%%%%%%%%%%%%%%%%%%%%%%%%%%%%%%%%%%%%%%%%%%%%%%%%%%%%%%%%%%%

@proceedings{nsdi2004,
  booktitle = {Proc. First Symposium on Networked Systems Design and Implementation (NSDI)},
  address = {San Francisco, CA},
  month = mar, year = 2004
}

@proceedings{nsdi2006,
  booktitle = {Proc. Third Symposium on Networked Systems Design and Implementation (NSDI)},
  address = {San Jose, CA},
  month = may, year = 2006
}


@proceedings{nsdi2007,
  booktitle = {Proc. Fourth Symposium on Networked Systems Design and Implementation (NSDI)},
  address = {Cambridge, MA},
  month = apr, year = 2007
}

@proceedings{nsdi2008,
  booktitle = {Proc. 5th Symposium on Networked Systems Design and Implementation (NSDI)},
  address = {San Francisco, CA},
  month = apr, year = 2008
}

@proceedings{nsdi2009,
  booktitle = {Proc. 6th Symposium on Networked Systems Design and Implementation (NSDI)},
  address = {Boston, MA},
  month = apr, year = 2009
}


@proceedings{sigcomm2009,
  booktitle = SIGCOMM,  address="Barcelona, Spain",
  month = aug, year = 2009
}


@proceedings{sigcomm2010,
  booktitle = SIGCOMM,  address="New Delhi, India",
  month = aug, year = 2010
}


@proceedings{sigcomm2011,
  booktitle = SIGCOMM,  address="Toronto, Ontario, Canada",
  month = aug, year = 2011
}


@proceedings{sigcomm2012,
  booktitle = SIGCOMM,  address="Helsinki, Finland",
  month = aug, year = 2012
}
