@inproceedings{whatif-nanog,
  title = 	 {Controlling the Impact of {BGP} Policy Changes on {IP} Traffic},
  booktitle = {NANOG 25},
  year = 	 2002,
  address = 	 {Toronto, Ontario, Canada},
  month = 	 jun,
}

@inproceedings{infranet:cmu,
  title = 	 {Infranet: Circumventing {W}eb Censorship and Surveillance},
  booktitle = {Carnegie Mellon University SDI Seminar},
  year = 	 2002,
  address = 	 {Pittsburgh, PA},
  month = 	 apr,
}


@inproceedings{infranet:hp,
  title = 	 {Infranet: Circumventing {W}eb Censorship and Surveillance},
  year = 	 2002,
  address = 	 {Hewlett-Packard Laboratories; Palo Alto, CA},
  month = 	 aug,
}


@inproceedings{infranet:ksg,
  title = 	 {Infranet: Circumventing {W}eb Censorship and Surveillance},
  booktitle = {Harvard Kennedy School of Government Seminar},
  year = 	 2002,
  address = 	 {Cambridge, MA},
  month = 	 nov,
}



@inproceedings{rolex-nanog,
  title = 	 {A Systematic Approach to {BGP} Configuration Checking},
  booktitle = {NANOG 29},
  year = 	 2003,
  address = 	 {Chicago, IL},
  month = 	 oct,
}


@inproceedings{rcc-nanog-noauth,
  title = 	 {Verifying Wide-Area Routing Configuration},
  booktitle = {NANOG 31},
  year = 	 2004,
  address = 	 {San Francisco, CA},
  month = 	 may,
}


@inproceedings{rcc:nyu,
  title = 	 {Verifying Wide-Area Routing Configuration with \textbf{rcc}},
  booktitle = {NYU Systems Reading Group},
  year = 	 2004,
  address = 	 {New York, NY},
  month = 	 feb,
}



@inproceedings{rcc:att,
  title = 	 {Verifying Wide-Area Routing Configuration with \textbf{rcc}},
  year =	 2004,
  address = 	 {AT\&T Labs; Florham Park, NJ},
  month = 	 feb,
}

@inproceedings{caida:imdc,
  title = 	 {Wide-Area Network Data and Analysis at {MIT}},
  year =	 2004,
  booktitle = {CAIDA Internet Measurement Data Catalog Workshop},
  address = 	 {San Diego, CA},
  month = 	 jun,
}


@inproceedings{caida:leiden,
  title = 	 {Characterizing Path Failures: Location, Characterization, Correlation},
  year =	 2002,
  booktitle = {CAIDA Internet Statistics, Metrics, and Analysis Workshop},
  address = 	 {Leiden, The Netherlands},
  month = 	 oct,
}

@inproceedings{caida:anomaly,
  title = 	 {Open Problems in {BGP} Anomaly Detection},
  year =	 2004,
  booktitle = {CAIDA Workshop on Internet Signal Processing},
  address = 	 {San Diego, CA},
  month = 	 nov,
}


@inproceedings{caida:e2e,
  title = 	 {On End-to-End Path Failures and Routing Instability},
  year =	 2004,
  booktitle = {CAIDA Workshop on Internet Signal Processing},
  address = 	 {San Diego, CA},
  month = 	 nov,
}


